<collection xmlns="http://www.loc.gov/MARC21/slim"><record><leader>00812nam  2200277   450</leader><controlfield tag="001">253</controlfield><controlfield tag="003">http://montalegre.opacnet.com/OPAC/default.aspx?ContentAreaControl=ShowRegHoldings.ascx&amp;RegNo=16662</controlfield><datafield tag="010" ind1=" " ind2=" "><subfield code="a">972-662-122-4</subfield></datafield><datafield tag="021" ind1=" " ind2=" "><subfield code="a">PT</subfield><subfield code="b">26526/89</subfield></datafield><datafield tag="095" ind1=" " ind2=" "><subfield code="a">PTBN00125317</subfield></datafield><datafield tag="100" ind1=" " ind2=" "><subfield code="a">20061013d1989    m  y0pora010305  ba</subfield></datafield><datafield tag="101" ind1="1" ind2=" "><subfield code="a">por</subfield><subfield code="c">eng</subfield></datafield><datafield tag="102" ind1=" " ind2=" "><subfield code="a">PT</subfield></datafield><datafield tag="105" ind1=" " ind2=" "><subfield code="a">y   z   000ay</subfield></datafield><datafield tag="106" ind1=" " ind2=" "><subfield code="a">r</subfield></datafield><datafield tag="200" ind1="1" ind2=" "><subfield code="a">&lt;A &gt;esfera</subfield><subfield code="f">Michael Crichton</subfield><subfield code="g">trad. Manuel Cordeiro</subfield></datafield><datafield tag="205" ind1=" " ind2=" "><subfield code="a">1a ed</subfield></datafield><datafield tag="210" ind1=" " ind2=" "><subfield code="a">Lisboa</subfield><subfield code="c">Gradiva</subfield><subfield code="d">1989</subfield></datafield><datafield tag="215" ind1=" " ind2=" "><subfield code="a">366 p.</subfield><subfield code="d">21 cm</subfield></datafield><datafield tag="225" ind1="2" ind2=" "><subfield code="a">Não incomode</subfield><subfield code="v">22</subfield></datafield><datafield tag="304" ind1=" " ind2=" "><subfield code="a">Tít. orig.: Sphere</subfield></datafield><datafield tag="675" ind1=" " ind2=" "><subfield code="a">82-311.9</subfield></datafield><datafield tag="700" ind1=" " ind2="1"><subfield code="a">Crichton</subfield><subfield code="b">Michael</subfield><subfield code="f">1942</subfield></datafield><datafield tag="702" ind1=" " ind2="1"><subfield code="a">Cordeiro</subfield><subfield code="b">Manuel</subfield><subfield code="4">730</subfield></datafield><datafield tag="801" ind1=" " ind2="0"><subfield code="a">PT</subfield><subfield code="b">Biblioteca Municipal de Montalegre</subfield><subfield code="g">RPC</subfield></datafield><datafield tag="856" ind1=" " ind2=" "><subfield code="u">locateMedia.asp?cod=20060510161922&amp;ext=jpg</subfield><subfield code="z">CAPA</subfield></datafield><datafield tag="909" ind1="&#9;" ind2=" "><subfield code="a">1</subfield></datafield><datafield tag="966" ind1=" " ind2=" "><subfield code="a">0008516</subfield><subfield code="l">BMM</subfield><subfield code="s">SCG 82-311.9 CRI esf 22</subfield></datafield></record></collection>